@ELECTRONIC{GEOOPTIC,
  title = {Каталог GNSS-систем [Электронный ресурс]},
  howpublished = {Официальный интернет-магазин компании ГЕООПТИК},
  year = {2018},
  url = {\url{https://www.geooptic.ru/catalog/gnss-priemniki/}},
  annote = {дата обращения: 26.04.2018},
  language = {russian}
}

@ELECTRONIC{JAVAD,
  title = {JAVAD GNSS [Электронный ресурс]},
  howpublished = {Официальный интернет-магазин компании JAVAD},
  year = {2018},
  url = {\url{https://www.javad.com/jgnss/products/receivers/}},
  annote = {дата обращения: 26.04.2018},
  language = {english}
}

@ELECTRONIC{RTKLIB,
  author = {Takasu, T.},
  title = {RTKLIB: An Open Source Program Package for GNSS Positioning [Электронный ресурс]},
  howpublished = {RTKLIB support information},
  year = {2015},
  url = {\url{http://www.rtklib.com/}},
  annote = {дата обращения: 01.02.2017},
  language = {english}
}

@ELECTRONIC{Trimble,
  title = {Trimble GPS Tutorial [Электронный ресурс]},
  howpublished = {Официальный сайт компании Trimble},
  year = {2017},
  url = {\url{http://www.trimble.com/gps_tutorial/}},
  annote = {дата обращения: 01.02.2017},
  language = {english}
}

@ELECTRONIC{Bavaro,
  author = {Bavaro, M.},
  title = {Michele's GNSS blog [Электронный ресурс]},
  howpublished = {Личный блог Мишеля Баваро},
  year = {2017},
  url = {\url{http://michelebavaro.blogspot.ru/}},
  annote = {дата обращения: 15.02.2017},
  language = {english}
}

@ELECTRONIC{Emlid,
  title = {Emlid Ltd [Электронный ресурс]},
  howpublished = {Официальный сайт компании Emlid},
  year = {2017},
  url = {\url{https://emlid.com/}},
  annote = {дата обращения: 01.02.2017},
  language = {english}
}

@ELECTRONIC{Reach,
  title = {Emlid Ltd -- Reach [Электронный ресурс]},
  howpublished = {Официальный сайт компании Emlid. Описание ГНСС модуля Reach},
  year = {2017},
  url = {\url{https://emlid.com/reach/}},
  annote = {дата обращения: 01.02.2017},
  language = {english}
}

@ELECTRONIC{ReachRS,
  title = {Emlid Ltd -- Reach RS [Электронный ресурс]},
  howpublished = {Официальный сайт компании Emlid. Описание ГНСС приёмника Reach RS},
  year = {2017},
  url = {\url{https://emlid.com/reachrs/}},
  annote = {дата обращения: 01.02.2017},
  language = {english}
}


@ELECTRONIC{Babel,
  title = {Babel -- The compiler for writing next generation JavaScript [Электронный ресурс]},
  howpublished = {Официальный сайт проекта Babel},
  year = {2018},
  url = {\url{https://babeljs.io/}},
  annote = {дата обращения: 01.02.2017},
  language = {english}
}


@ELECTRONIC{NodeJS,
  title = {Node.js [Электронный ресурс]},
  howpublished = {Официальный сайт проекта Node.js},
  year = {2018},
  url = {\url{https://nodejs.org/}},
  annote = {дата обращения: 01.02.2017},
  language = {english}
}


@ELECTRONIC{NPM,
  title = {NPM -- the package manager for Node.js [Электронный ресурс]},
  howpublished = {Официальный сайт проекта NPM},
  year = {2018},
  url = {\url{https://www.npmjs.com/}},
  annote = {дата обращения: 01.02.2017},
  language = {english}
}


@ELECTRONIC{Webpack,
  title = {Webpack module bundler [Электронный ресурс]},
  howpublished = {Официальный сайт проекта Webpack},
  year = {2018},
  url = {\url{https://webpack.js.org/}},
  annote = {дата обращения: 01.02.2017},
  language = {english}
}


@ELECTRONIC{ecma262,
  title = {ECMAScript Language Specification [Электронный ресурс]},
  howpublished = {Спецификация ECMAScript},
  year = {2018},
  url = {\url{https://tc39.github.io/ecma262/}},
  annote = {дата обращения: 01.02.2017},
  language = {english}
}


@ELECTRONIC{ESLint,
  title = {ESLint - Pluggable JavaScript linter [Электронный ресурс]},
  howpublished = {Официальный сайт проекта ESLint},
  year = {2018},
  url = {\url{https://eslint.org/}},
  annote = {дата обращения: 01.02.2017},
  language = {english}
}


@ELECTRONIC{Sass,
  title = {Sass: Syntactically Awesome Style Sheets [Электронный ресурс]},
  howpublished = {Официальный сайт проекта Sass},
  year = {2018},
  url = {\url{https://sass-lang.com/}},
  annote = {дата обращения: 01.02.2017},
  language = {english}
}


@ELECTRONIC{Flux,
  title = {Flux -- Application Architecture for Building User Interfaces [Электронный ресурс]},
  howpublished = {Официальный сайт проекта Flux},
  year = {2015},
  url = {\url{http://facebook.github.io/flux/}},
  annote = {дата обращения: 01.02.2017},
  language = {english}
}
